% This file was created with JabRef 2.7b.
% Encoding: UTF8

@ARTICLE{cai2008nonparametric,
  author = {Cai, Z. and Li, Q.},
  title = {{Nonparametric estimation of varying coefficient dynamic panel data
	models}},
  journal = {Econometric Theory},
  year = {2008},
  volume = {24},
  pages = {1321-1342},
  number = {05},
  file = {:C\:\\Users\\YefeiJiang\\Desktop\\zm qian\\re\\NONPARAMETRIC ESTIMATION OF VARYING COEFFICIENT DYNAMIC PANEL DATA MODELS.pdf:PDF},
  issn = {1469-4360},
  publisher = {Cambridge Univ Press}
}

@BOOK{h?rdle1992applied,
  title = {Applied nonparametric regression},
  publisher = {Cambridge Univ Pr},
  year = {1994},
  author = {Hardle, W.},
  pages = {1-433},
  address = {Berlin},
  file = {:C\:\\Users\\YefeiJiang\\Desktop\\zm qian\\re\\Applied Nonparametric Regression.pdf:PDF},
  isbn = {0521429501}
}

@ARTICLE{lee1001nonparametric,
  author = {Lee, Y.},
  title = {{Nonparametric estimation of dynamic panel models with fixed effects}},
  journal = {Ann Arbor},
  volume = {1001},
  file = {:C\:\\Users\\YefeiJiang\\Desktop\\zm qian\\re\\Nonparametric Estimation of Dynamic Panel Models with Fixed Effects.pdf:PDF}
}

@ARTICLE{lee2005nonparametric,
  author = {Lee, Y.},
  title = {{Nonparametric Estimation of dynamic panel models}},
  journal = {Yale University, mimeographed},
  year = {2005},
  file = {:C\:\\Users\\YefeiJiang\\Desktop\\zm qian\\re\\Nonparametric Estimation of Dynamic Panel Models.pdf:PDF}
}

@ARTICLE{sua2010nonparametric,
  author = {Sua, L. and Ullahb, A.},
  title = {{Nonparametric and Semiparametric Panel Econometric Models: Estimation
	and Testing}},
  journal = {Handbook of Empirical Economics and Finance},
  year = {2010},
  pages = {455},
  file = {:C\:\\Users\\YefeiJiang\\Desktop\\zm qian\\re\\Nonparametric and Semiparametric Panel Econometric Models Estimation and Testing.pdf:PDF},
  isbn = {1420070355},
  publisher = {Chapman \& Hall/CRC}
}

@ARTICLE{tran2008local,
  author = {Tran, K.C. and Tsionas, E.G.},
  title = {{Local GMM estimation of semiparametric dynamic panel data with smooth
	coefficient models}},
  journal = {Econometric Reviews, forthcoming},
  year = {2008},
  volume = {29},
  pages = {39-61},
  file = {:C\:\\Users\\YefeiJiang\\Desktop\\zm qian\\re\\Local GMM Estimation of Semiparametric Dynamic Panel Data with Smooth Coefficient Models.pdf:PDF}
}

@BOOK{ullah1998handbook,
  title = {{Handbook of Applied Economic Statistics}},
  publisher = {CRC},
  year = {1998},
  author = {Ullah, A. and Giles, D.E.A.},
  pages = {579-604},
  address = {New York},
  file = {:C\:\\Users\\YefeiJiang\\Desktop\\zm qian\\re\\Handbook of Applied Economic Statistics.pdf:PDF},
  isbn = {0824701291}
}

@ARTICLE{yyp2008,
  author = {于艳萍 and 张秀华 and 钱争鸣},
  title = {{劳动力流动对中国地区经济差距影响的空间计量经济模型分析}},
  journal = {统计与信息论坛},
  year = {2008},
  volume = {23},
  pages = {25-31},
  number = {011},
  file = {:C\:\\Users\\YefeiJiang\\Desktop\\zm qian\\re\\劳动力流动对中国地区经济差距影响的空间计量经济模型分析.pdf:PDF},
  issn = {1007-3116}
}

@ARTICLE{yaz2002,
  author = {叶阿忠},
  title = {{我国通货膨胀的非参数回归模型}},
  journal = {数理统计与管理},
  year = {2002},
  volume = {21},
  pages = {47-51},
  number = {001},
  file = {:C\:\\Users\\YefeiJiang\\Desktop\\zm qian\\re\\我国通货膨胀的非参数回归模型.pdf:PDF},
  issn = {1002-1566}
}

@ARTICLE{zxbzhuji,
  author = {周先波},
  title = {{经济计量非线性模型的一个注记}},
  journal = {中山大学学报: 自然科学版},
  year = {2002},
  volume = {41},
  pages = {100-102},
  number = {001},
  file = {:C\:\\Users\\YefeiJiang\\Desktop\\zm qian\\re\\经济计量非线性模型的一个注记.pdf:PDF},
  issn = {0529-6579}
}

@ARTICLE{zhouxianbo2009,
  author = {周先波 and 李钜威 and 杨逢利},
  title = {关于全球化对经济增长的边际影响——基于面板数据模型非参数估计的分析},
  journal = {世界经济研究},
  year = {2009},
  volume = {3},
  pages = {27-32},
  number = {003},
  file = {:C\:\\Users\\YefeiJiang\\Desktop\\zm qian\\re\\关于全球化对经济增长的边际影响_基于面板数据模型非参数估计的分析.pdf:PDF},
  issn = {1007-6964}
}

@ARTICLE{zxb2009,
  author = {周先波 and 田凤平},
  title = {{中国城镇和农村居民医疗保健消费的差异性分析——基于面板数据恩格尔曲线模型的非参数估计}},
  journal = {统计研究},
  year = {2009},
  volume = {26},
  pages = {51-58},
  number = {003},
  file = {:C\:\\Users\\YefeiJiang\\Desktop\\zm qian\\re\\中国城镇和农村居民医疗保健消费的差异性分析——基于面板数据恩格尔曲线模型的非参数估计.pdf:PDF},
  issn = {1002-4565}
}

@ARTICLE{zxb20081,
  author = {周先波 and 田凤平},
  title = {{非参数估计方法在长江和珠江三角洲地区城镇居民消费支出分析中的应用}},
  journal = {经济学},
  year = {2008},
  volume = {7},
  pages = {1459-1476},
  file = {:C\:\\Users\\YefeiJiang\\Desktop\\zm qian\\re\\非参数估计方法在长江和珠江三角洲地区城镇居民消费支出分析中的应用.pdf:PDF}
}

@ARTICLE{zxbxxh,
  author = {周先波 and 盛华梅},
  title = {{信息化产出弹性的非参数估计分析}},
  journal = {数量经济技术经济研究},
  year = {2008},
  volume = {10},
  pages = {130-141},
  file = {:C\:\\Users\\YefeiJiang\\Desktop\\zm qian\\re\\信息化产出弹性的非参数估计分析.pdf:PDF},
  issn = {1000-3894}
}

@ARTICLE{shizulin,
  author = {施祖麟 and 黄治华},
  title = {{基于核密度估计法的中国省区经济增长动态分析}},
  journal = {经济经纬},
  year = {2009},
  volume = {4},
  pages = {60-63},
  file = {:C\:\\Users\\YefeiJiang\\Desktop\\zm qian\\re\\基于核密度估计法的中国省区经济增长动态分析.pdf:PDF},
  issn = {1006-1096}
}

@ARTICLE{djh2011,
  author = {段景辉 and 陈建宝},
  title = {{城乡收入差距影响因素的非参数逐点回归解析}},
  journal = {财经研究},
  year = {2011},
  volume = {1},
  pages = {101-111},
  file = {:C\:\\Users\\YefeiJiang\\Desktop\\zm qian\\re\\城乡收入差距影响因素的非参数逐点回归解析.pdf:PDF}
}

@ARTICLE{tfp,
  author = {田凤平 and 周先波},
  title = {{几乎理想需求系统面板数据模型的非参数估计分析}},
  journal = {南方经济},
  year = {2009},
  volume = {7},
  pages = {36-49},
  file = {:C\:\\Users\\YefeiJiang\\Desktop\\zm qian\\re\\几乎理想需求系统面板数据模型的非参数估计分析.pdf:PDF},
  issn = {1000-6249}
}

@ARTICLE{qzm2008,
  author = {钱争鸣 and 邓明 and 于艳萍},
  title = {{教育支出的产出效应研究——基于空间 Panel Data 与菲德模型的数量分析}},
  journal = {教育与经济},
  year = {2008},
  volume = {3},
  pages = {51-56},
  file = {:C\:\\Users\\YefeiJiang\\Desktop\\zm qian\\re\\教育支出的产出效应研究_基于空间PanelData与菲德模型的数量分析.pdf:PDF},
  issn = {1003-4870}
}



@comment{jabref-meta: selector_publisher:}

@comment{jabref-meta: selector_author:}

@comment{jabref-meta: selector_journal:}

@comment{jabref-meta: selector_keywords:}

