% This file was created with JabRef 2.7b.
% Encoding: UTF8

@ARTICLE{Art作者出版年,
  author = {Art作者},
  title = {题名},
  journal = {刊名},
  year = {出版年},
  volume = {卷号},
  pages = {起止页码},
  __markedentry = {[jiangyefei:6]},
  owner = {YefeiJiang},
  timestamp = {2011.03.22}
}

@ARTICLE{balestra1966pooling,
  author = {Balestra, P. and Nerlove, M.},
  title = {{Pooling Cross Section and Time Series Data in the Estimation of
	a Dynamic Model: The Demand for Natural Gas}},
  journal = {Econometrica},
  year = {1966},
  volume = {34},
  pages = {585--612},
  number = {3},
  issn = {0012-9682},
  publisher = {JSTOR}
}

@BOOK{baltagi1995econometric,
  title = {{Econometric Analysis of Panel Data}},
  publisher = {Wiley},
  year = {1995},
  author = {Baltagi, B.H.},
  isbn = {0471952990}
}

@ARTICLE{baltagi1996nonparametric,
  author = {Baltagi, B.H. and Hidalgo, J. and Li, Q.},
  title = {{A Nonparametric Test for Poolability Using Panel Data}},
  journal = {Journal of Econometrics},
  year = {1996},
  volume = {75},
  pages = {345--367},
  number = {2},
  issn = {0304-4076},
  publisher = {Elsevier}
}

@MISC{Produc,
  author = {Baltagi, Badi H.},
  title = {Econometric analysis of panel data},
  year = {2003},
  note = {http://www.wiley.com/legacy/wileychi/baltagi/},
  owner = {jiangyefei},
  timestamp = {2011.05.20}
}

@ARTICLE{Cai2008,
  author = {Cai, Z. and Li, Q.},
  title = {{Nonparametric Estimation of Varying Coefficient Dynamic Panel Aata
	models}},
  journal = {Econometric Theory},
  year = {2008},
  volume = {24},
  pages = {1321-1342},
  number = {05},
  file = {:C\:\\Users\\YefeiJiang\\Desktop\\zm qian\\re\\NONPARAMETRIC ESTIMATION OF VARYING COEFFICIENT DYNAMIC PANEL DATA MODELS.pdf:PDF},
  issn = {1469-4360},
  publisher = {Cambridge Univ Press}
}

@ARTICLE{cai2008nonparametric,
  author = {Cai, Z. and Xu, X.},
  title = {{Nonparametric Quantile Estimations for Dynamic Smooth Coefficient
	Models}},
  journal = {Journal of the American Statistical Association},
  year = {2008},
  volume = {103},
  pages = {1595--1608},
  number = {484},
  file = {:C\:\\Users\\YefeiJiang\\Desktop\\zm qian\\re\\Nonparametric Quantile Estimations For Dynamic Smooth Coefficient Models.pdf:PDF},
  issn = {0162-1459},
  publisher = {ASA}
}

@CONFERENCE{Conference作者出版年,
  author = {Conference作者},
  title = {标题},
  booktitle = {文集名},
  year = {出版年},
  editor = {主编},
  pages = {起止页码},
  address = {出版地},
  publisher = {出版者},
  __markedentry = {[jiangyefei:6]},
  owner = {YefeiJiang},
  timestamp = {2011.03.22}
}

@ARTICLE{deaton1980almost,
  author = {Deaton, A. and Muellbauer, J.},
  title = {An Almost Ideal Demand System},
  journal = {The American Economic Review},
  year = {1980},
  volume = {70},
  pages = {312--326},
  number = {3},
  __markedentry = {[jiangyefei:1]},
  publisher = {JSTOR}
}

@ARTICLE{fan1993local,
  author = {Fan, J.},
  title = {{Local Linear Regression Smoothers and Their Minimax Efficiencies}},
  journal = {The Annals of Statistics},
  year = {1993},
  volume = {21},
  pages = {196--216},
  number = {1},
  issn = {0090-5364},
  publisher = {Institute of Mathematical Statistics}
}

@ARTICLE{fan1992design,
  author = {Fan, J.},
  title = {{Design-Adaptive Nonparametric Regression}},
  journal = {Journal of the American Statistical Association},
  year = {1992},
  volume = {87},
  pages = {998--1004},
  number = {420},
  issn = {0162-1459},
  publisher = {JSTOR}
}

@ARTICLE{frees1995assessing,
  author = {Frees, E.W.},
  title = {{Assessing Cross-Sectional Correlation in Panel Data}},
  journal = {Journal of econometrics},
  year = {1995},
  volume = {69},
  pages = {393--414},
  number = {2},
  issn = {0304-4076},
  owner = {jiangyefei},
  publisher = {Elsevier},
  timestamp = {2011.05.28}
}

@ARTICLE{fuller1973transformations,
  author = {Fuller, W.A. and Battese, G.E.},
  title = {{Transformations for Estimation of Linear Models With Nested-Error
	Structure}},
  journal = {Journal of the American Statistical association},
  year = {1973},
  volume = {68},
  pages = {626--632},
  number = {343},
  issn = {0162-1459},
  publisher = {JSTOR}
}

@BOOK{mianbanjiliang,
  title = {面板数据计量经济分析},
  publisher = {机械工业出版社},
  year = {2010},
  author = {Badi H.Baltagi},
  pages = {3－6},
  address = {北京},
  owner = {jiangyefei},
  timestamp = {2011.05.20}
}

@BOOK{h?rdle1992applied,
  title = {Applied Nonparametric Regression},
  publisher = {Cambridge Univ Pr},
  year = {1994},
  author = {Hardle, W.},
  pages = {1-433},
  address = {Berlin},
  file = {:C\:\\Users\\YefeiJiang\\Desktop\\zm qian\\re\\Applied Nonparametric Regression.pdf:PDF},
  isbn = {0521429501}
}

@BOOK{hardle1990applied,
  title = {{Applied Nonparametric Regression}},
  publisher = {Cambridge University Press Cambridge:},
  year = {1990},
  author = {Hardle, W.},
  volume = {26}
}

@ARTICLE{hardle1989investigating,
  author = {Hardle, W. and Stoker, T.M.},
  title = {{Investigating Smooth Multiple Regression by the Method of Average
	Derivatives}},
  journal = {Journal of the American Statistical Association},
  year = {1989},
  volume = {84},
  pages = {986--995},
  number = {408},
  issn = {0162-1459},
  owner = {jiangyefei},
  publisher = {JSTOR},
  timestamp = {2011.05.22}
}

@BOOK{harris1996comparative,
  title = {{A Comparative Analysis of Different Estimators for Dynamic Panel
	Data Models}},
  publisher = {Department of Econometrics, Monash University},
  year = {1996},
  author = {Harris, M.N. and Matyas, L. and University. Monash, Departme},
  isbn = {0732607841}
}

@BOOK{heckman2008longitudinal,
  title = {{Longitudinal Analysis of Labor Market Data}},
  publisher = {National Centre for Vocational Education Research (NCVER)},
  year = {2008},
  editor = {Econometric Society Monographs},
  author = {Heckman, J.J. and Singer, B.},
  pages = {34-60},
  edition = {2nd},
  journal = {Econometric Society Monographs}
}

@ARTICLE{henderson2005nonparametric,
  author = {Henderson, D.J. and Ullah, A.},
  title = {{A Nonparametric Random Effects Estimator}},
  journal = {Economics Letters},
  year = {2005},
  volume = {88},
  pages = {403--407},
  number = {3},
  file = {:C\:\\Users\\YefeiJiang\\Desktop\\zm qian\\re\\A Nonparametric Random Effects Estimator.pdf:PDF},
  issn = {0165-1765},
  publisher = {Elsevier}
}

@ARTICLE{hoch1962estimation,
  author = {Hoch, I.},
  title = {{Estimation of Production Function Parameters Combining Time-Series
	and Cross-Section Data}},
  journal = {Econometrica},
  year = {1962},
  volume = {30},
  pages = {34--53},
  number = {1},
  issn = {0012-9682},
  publisher = {JSTOR}
}

@BOOK{hsiao2003analysis,
  title = {{Analysis of Panel Data}},
  publisher = {Cambridge Univ Pr},
  year = {2003},
  author = {Hsiao, C.},
  pages = {20－34},
  file = {:C\:\\Users\\YefeiJiang\\Desktop\\zm qian\\re\\Analysis of panel data.pdf:PDF},
  isbn = {0521522714}
}

@ARTICLE{hsiao1985benefits,
  author = {Hsiao, C.},
  title = {{Benefits and Limitations of Panel Data}},
  journal = {Econometric Reviews},
  year = {1985},
  volume = {4},
  pages = {121--174},
  number = {1},
  publisher = {Taylor and Francis Journals}
}

@MISC{kmo,
  author = {G. Jay Kerns},
  title = {KMO Sampling Adequacy and SPSS -- Partial Solution in R Language
	(Factor Analysis)},
  note = {https://stat.ethz.ch/pipermail/r-help/2007-August/138049.html},
  citedate = {2011.5.21},
  date = {2007.4.6},
  owner = {jiangyefei},
  timestamp = {2011.05.19}
}

@BOOK{Manual,
  title = {{Semiparametric Panel Data Model with Dynamic Adjustment:Theoretical
	Considerations and an Application to Labor Supply}},
  publisher = {University of Guelph},
  year = {1996},
  author = {Kneisner, T. and Q. Li}
}

@ARTICLE{lee1001nonparametric,
  author = {Lee, Y.},
  title = {{Nonparametric Estimation of Dynamic Panel Models with Fixed Effects}},
  journal = {Ann Arbor},
  year = {2010},
  volume = {1001},
  file = {:C\:\\Users\\YefeiJiang\\Desktop\\zm qian\\re\\Nonparametric Estimation of Dynamic Panel Models with Fixed Effects.pdf:PDF}
}

@ARTICLE{leser1963forms,
  author = {Leser, C.E.V.},
  title = {Forms of Engel Functions},
  journal = {Econometrica: Journal of the Econometric Society},
  year = {1963},
  volume = {31(4)},
  pages = {694--703},
  publisher = {JSTOR}
}

@BOOK{1996,
  title = {Estimating Average Derivatives by Local Least Squares Method},
  publisher = {University of Guelph},
  year = {1996},
  author = {Li, Q. X.Lu and A.Ullah}
}

@ARTICLE{maddala1987recent,
  author = {Maddala, GS},
  title = {{Recent Developments in the Econometrics of Panel Data Analysis}},
  journal = {Transportation Research Part A: General},
  year = {1987},
  volume = {21},
  pages = {303--326},
  number = {4-5},
  issn = {0191-2607},
  publisher = {Elsevier}
}

@ARTICLE{maddala1971use,
  author = {Maddala, G.S.},
  title = {{The Use of Variance Components Models in Pooling Cross Section and
	Time Series Data}},
  journal = {Econometrica},
  year = {1971},
  volume = {39},
  pages = {341--358},
  number = {2},
  issn = {0012-9682},
  publisher = {JSTOR}
}

@MASTERSTHESIS{Master作者2011,
  author = {Master作者},
  title = {题目},
  school = {保存单位},
  year = {2011},
  address = {保存地点},
  __markedentry = {[jiangyefei:6]},
  owner = {YefeiJiang},
  timestamp = {2011.03.22}
}

@BOOK{matyas1996econometrics,
  title = {{The Econometrics of Panel Data: A Handbook of the Theory with Applications}},
  publisher = {Kluwer Academic, Dordrecht},
  year = {1996},
  author = {Matyas, L. and Sevestre, P.},
  isbn = {0792337875}
}

@ARTICLE{mundlak1961empirical,
  author = {Mundlak, Y.},
  title = {{Empirical Production Function Free of Management Bias}},
  journal = {Journal of Farm Economics},
  year = {1961},
  volume = {43},
  pages = {44--56},
  number = {1},
  issn = {1071-1031},
  publisher = {JSTOR}
}

@ARTICLE{nerlove1971note,
  author = {Nerlove, M.},
  title = {{A Note on Error Components Models}},
  journal = {Econometrica},
  year = {1971},
  volume = {39},
  pages = {383--396},
  number = {2},
  issn = {0012-9682},
  publisher = {JSTOR}
}

@BOOK{pagan1999nonparametric,
  title = {{Nonparametric Econometrics}},
  publisher = {Cambridge Univ Pr},
  year = {1999},
  author = {Pagan, A. and Ullah, A.},
  isbn = {0521586119}
}

@ARTICLE{pesaran1995estimating,
  author = {Pesaran, M.H. and Smith, R.},
  title = {{Estimating Long-Run Relationships from Dynamic Heterogeneous Panels}},
  journal = {Journal of econometrics},
  year = {1995},
  volume = {68},
  pages = {79--113},
  number = {1},
  issn = {0304-4076},
  publisher = {Elsevier}
}

@PHDTHESIS{Phd作者2011,
  author = {Phd作者},
  title = {标题},
  school = {保存单位},
  year = {2011},
  address = {保存地点},
  __markedentry = {[jiangyefei:6]},
  owner = {YefeiJiang},
  timestamp = {2011.03.22}
}

@BOOK{rencher2002methods,
  title = {{Methods of Multivariate Analysis}},
  publisher = {Wiley-Interscience},
  year = {2002},
  author = {Rencher, A.C.},
  isbn = {0471418897}
}

@ARTICLE{mcycle,
  author = {Silverman, B. W.},
  title = {Some Aspects of the Spline Smoothing Approach to Non-Parametric Curve
	Fitting},
  journal = {Journal of the Royal Statistical Society series},
  year = {1985},
  volume = {47},
  pages = {1-52},
  owner = {jiangyefei},
  timestamp = {2011.05.20}
}

@ARTICLE{stone1982optimal,
  author = {Stone, C.J.},
  title = {{Optimal Global Rates of Convergence for Nonparametric Regression}},
  journal = {The Annals of Statistics},
  year = {1982},
  volume = {10},
  pages = {1040--1053},
  number = {4},
  issn = {0090-5364},
  publisher = {JSTOR}
}

@ARTICLE{stone1980optimal,
  author = {Stone, C.J.},
  title = {{Optimal Rates of Convergence for Nonparametric Estimators}},
  journal = {The Annals of Statistics},
  year = {1980},
  volume = {8},
  pages = {1348--1360},
  number = {6},
  issn = {0090-5364},
  publisher = {JSTOR}
}

@ARTICLE{stone1977consistent,
  author = {Stone, C.J.},
  title = {{Consistent Nonparametric Regression}},
  journal = {The annals of statistics},
  year = {1977},
  volume = {5},
  pages = {595--620},
  number = {4},
  issn = {0090-5364},
  publisher = {Institute of Mathematical Statistics}
}

@ARTICLE{su2007more,
  author = {Su, L. and Ullah, A.},
  title = {{More Efficient Estimation of Nonparametric Panel Data Models with
	Random Effects}},
  journal = {Economics Letters},
  year = {2007},
  volume = {96},
  pages = {375--380},
  number = {3},
  file = {:C\:\\Users\\YefeiJiang\\Desktop\\zm qian\\re\\More efficient estimation of nonparametric panel data models with random effects.pdf:PDF},
  issn = {0165-1765},
  publisher = {Elsevier}
}

@ARTICLE{sua2010nonparametric,
  author = {Sua, L. and Ullahb, A.},
  title = {{Nonparametric and Semiparametric Panel Econometric Models: Estimation
	and Testing}},
  journal = {Handbook of Empirical Economics and Finance},
  year = {2010},
  pages = {455},
  file = {:C\:\\Users\\YefeiJiang\\Desktop\\zm qian\\re\\Nonparametric and Semiparametric Panel Econometric Models Estimation and Testing.pdf:PDF},
  isbn = {1420070355},
  publisher = {Chapman \& Hall/CRC}
}

@ARTICLE{tran2008local,
  author = {Tran, K.C. and Tsionas, E.G.},
  title = {{Local GMM Estimation of Semiparametric Dynamic Panel Data with Smooth
	Coefficient Models}},
  journal = {Econometric Reviews, forthcoming},
  year = {2008},
  volume = {29},
  pages = {39-61},
  file = {:C\:\\Users\\YefeiJiang\\Desktop\\zm qian\\re\\Local GMM Estimation of Semiparametric Dynamic Panel Data with Smooth Coefficient Models.pdf:PDF}
}

@BOOK{ullah1998handbook,
  title = {{Handbook of Applied Economic Statistics}},
  publisher = {CRC},
  year = {1998},
  author = {Ullah, A. and Giles, D.E.A.},
  pages = {579-604},
  address = {New York},
  edition = {1st},
  file = {:C\:\\Users\\YefeiJiang\\Desktop\\zm qian\\re\\Handbook of Applied Economic Statistics.pdf:PDF},
  isbn = {0824701291}
}

@ARTICLE{wallace1969use,
  author = {Wallace, T.D. and Hussain, A.},
  title = {{The Use of Error Components Models in Combining Cross Section with
	Time Series Data}},
  journal = {Econometrica: journal of the Econometric Society},
  year = {1969},
  pages = {55--72},
  issn = {0012-9682},
  publisher = {JSTOR}
}

@MISC{rwiki,
  author = {Wikipedia},
  title = {R语言},
  note = {http://zh.wikipedia.org/wiki/R%E8%AF%AD%E8%A8%80},
  owner = {jiangyefei},
  timestamp = {2011.05.19}
}

@ARTICLE{working1943statistical,
  author = {Working, H.},
  title = {Statistical Laws of Family Expenditure},
  journal = {Journal of the American Statistical Association},
  year = {1943},
  volume = {38},
  pages = {43--56},
  number = {221},
  publisher = {JSTOR}
}

@MISC{专利申请者,
  author = {专利申请者},
  title = {题名},
  __markedentry = {[jiangyefei:6]},
  country = {专利国别},
  date = {出版日期},
  owner = {jiangyefei},
  patentid = {专利号},
  timestamp = {2011.05.19}
}

@ARTICLE{yyp2008,
  author = {于艳萍 and 张秀华 and 钱争鸣},
  title = {{劳动力流动对中国地区经济差距影响的空间计量经济模型分析}},
  journal = {统计与信息论坛},
  year = {2008},
  volume = {23},
  pages = {25-31},
  number = {011},
  file = {:C\:\\Users\\YefeiJiang\\Desktop\\zm qian\\re\\劳动力流动对中国地区经济差距影响的空间计量经济模型分析.pdf:PDF},
  issn = {1007-3116}
}

@MISC{作者,
  author = {作者},
  title = {题名},
  note = {电子文献地址},
  __markedentry = {[jiangyefei:6]},
  citedate = {引用日期},
  date = {发表或更新日期},
  owner = {jiangyefei},
  timestamp = {2011.05.19}
}

@BOOK{作者出版年,
  title = {Book标题},
  publisher = {出版者},
  year = {出版年},
  author = {作者},
  pages = {起止页码.},
  address = {出版地},
  edition = {版本},
  __markedentry = {[jiangyefei:6]},
  owner = {YefeiJiang},
  timestamp = {2011.03.22}
}

@BOOK{作者2011,
  title = {Manual书名},
  publisher = {出版者},
  year = {2011},
  author = {作者},
  pages = {起止页码},
  edition = {版本},
  __markedentry = {[jiangyefei:6]},
  organization = {组织},
  owner = {YefeiJiang},
  timestamp = {2011.03.22}
}

@ARTICLE{lrt2006,
  author = {刘荣添 and 叶民强},
  title = {信息化与经济增长的计量分析},
  journal = {经济问题探索},
  year = {2006},
  volume = {9},
  pages = {9--14}
}

@BOOK{yaz2008,
  title = {非参数和半参数计量经济模型理论},
  publisher = {科学出版社},
  year = {2008},
  author = {叶阿忠},
  pages = {18－33},
  address = {北京},
  edition = {2}
}

@BOOK{yaz2003,
  title = {{非参数计量经济学}},
  publisher = {南开大学出版社},
  year = {2003},
  author = {叶阿忠},
  pages = {1-2},
  address = {天津},
  edition = {第二版},
  isbn = {7310019067}
}

@ARTICLE{yaz2002,
  author = {叶阿忠},
  title = {{我国通货膨胀的非参数回归模型}},
  journal = {数理统计与管理},
  year = {2002},
  volume = {21},
  pages = {47-51},
  number = {001},
  file = {:C\:\\Users\\YefeiJiang\\Desktop\\zm qian\\re\\我国通货膨胀的非参数回归模型.pdf:PDF},
  issn = {1002-1566}
}

@ARTICLE{zxbzhuji,
  author = {周先波},
  title = {{经济计量非线性模型的一个注记}},
  journal = {中山大学学报: 自然科学版},
  year = {2002},
  volume = {41},
  pages = {100-102},
  number = {001},
  file = {:C\:\\Users\\YefeiJiang\\Desktop\\zm qian\\re\\经济计量非线性模型的一个注记.pdf:PDF},
  issn = {0529-6579}
}

@ARTICLE{zhouxianbo2009,
  author = {周先波 and 李钜威 and 杨逢利},
  title = {关于全球化对经济增长的边际影响——基于面板数据模型非参数估计的分析},
  journal = {世界经济研究},
  year = {2009},
  volume = {3},
  pages = {27-32},
  number = {003},
  file = {:C\:\\Users\\YefeiJiang\\Desktop\\zm qian\\re\\关于全球化对经济增长的边际影响_基于面板数据模型非参数估计的分析.pdf:PDF},
  issn = {1007-6964}
}

@ARTICLE{zxb2009,
  author = {周先波 and 田凤平},
  title = {{中国城镇和农村居民医疗保健消费的差异性分析——基于面板数据恩格尔曲线模型的非参数估计}},
  journal = {统计研究},
  year = {2009},
  volume = {26},
  pages = {51-58},
  number = {003},
  file = {:C\:\\Users\\YefeiJiang\\Desktop\\zm qian\\re\\中国城镇和农村居民医疗保健消费的差异性分析——基于面板数据恩格尔曲线模型的非参数估计.pdf:PDF},
  issn = {1002-4565}
}

@ARTICLE{zxb20081,
  author = {周先波 and 田凤平},
  title = {{非参数估计方法在长江和珠江三角洲地区城镇居民消费支出分析中的应用}},
  journal = {经济学},
  year = {2008},
  volume = {7},
  pages = {1459-1476},
  file = {:C\:\\Users\\YefeiJiang\\Desktop\\zm qian\\re\\非参数估计方法在长江和珠江三角洲地区城镇居民消费支出分析中的应用.pdf:PDF}
}

@ARTICLE{zxbxxh,
  author = {周先波 and 盛华梅},
  title = {{信息化产出弹性的非参数估计分析}},
  journal = {数量经济技术经济研究},
  year = {2008},
  volume = {10},
  pages = {130-141},
  file = {:C\:\\Users\\YefeiJiang\\Desktop\\zm qian\\re\\信息化产出弹性的非参数估计分析.pdf:PDF},
  issn = {1000-3894}
}

@ARTICLE{shizulin,
  author = {施祖麟 and 黄治华},
  title = {{基于核密度估计法的中国省区经济增长动态分析}},
  journal = {经济经纬},
  year = {2009},
  volume = {4},
  pages = {60-63},
  file = {:C\:\\Users\\YefeiJiang\\Desktop\\zm qian\\re\\基于核密度估计法的中国省区经济增长动态分析.pdf:PDF},
  issn = {1006-1096}
}

@BOOK{lzl2000,
  title = {高等计量经济学},
  publisher = {清华大学出版社},
  year = {2000},
  author = {李子奈 and 叶阿忠}
}

@ARTICLE{lz2009,
  author = {李湛},
  title = {对中国上市公司债务期限影响因素的实证研究——基于面板数据的因子分析和回归分析},
  journal = {广东金融学院学报},
  year = {2009},
  pages = {94--105},
  number = {002}
}

@ARTICLE{djh2011,
  author = {段景辉 and 陈建宝},
  title = {{城乡收入差距影响因素的非参数逐点回归解析}},
  journal = {财经研究},
  year = {2011},
  volume = {1},
  pages = {101-111},
  file = {:C\:\\Users\\YefeiJiang\\Desktop\\zm qian\\re\\城乡收入差距影响因素的非参数逐点回归解析.pdf:PDF}
}

@ARTICLE{wp2009,
  author = {王培 and 王焱鑫 and 崔巍},
  title = {面板数据的因子分析},
  journal = {贵州大学学报: 自然科学版},
  year = {2009},
  volume = {26},
  pages = {10--13},
  number = {006}
}

@ARTICLE{tfp,
  author = {田凤平 and 周先波},
  title = {{几乎理想需求系统面板数据模型的非参数估计分析}},
  journal = {南方经济},
  year = {2009},
  volume = {7},
  pages = {36-49},
  file = {:C\:\\Users\\YefeiJiang\\Desktop\\zm qian\\re\\几乎理想需求系统面板数据模型的非参数估计分析.pdf:PDF},
  issn = {1000-6249}
}

@ARTICLE{qzm2008,
  author = {钱争鸣 and 邓明 and 于艳萍},
  title = {{教育支出的产出效应研究——基于空间 Panel Data 与菲德模型的数量分析}},
  journal = {教育与经济},
  year = {2008},
  volume = {3},
  pages = {51-56},
  file = {:C\:\\Users\\YefeiJiang\\Desktop\\zm qian\\re\\教育支出的产出效应研究_基于空间PanelData与菲德模型的数量分析.pdf:PDF},
  issn = {1003-4870}
}

@BOOK{hlw2008,
  title = {统计学},
  publisher = {中国统计出版社},
  year = {2008},
  author = {黄良文 and 朱建平},
  pages = {150-173},
  address = {北京},
  edition = {第二版}
}

@comment{jabref-meta: selector_publisher:}

@comment{jabref-meta: selector_author:}

@comment{jabref-meta: selector_journal:}

@comment{jabref-meta: selector_keywords:}

