% This file was created with JabRef 2.6.
% Encoding: UTF8


@ARTICLE{niaoqun1,
  author = {Nagy, M.  and Akos, Z. and Biro, D. and Vicsek, T.},
  title = {Hierarchical group dynamics in pigeon flocks},
  journal = {Nature},
  year = {2010},
  volume = {464},
  pages = {890-893},
  number = {7290},
}

@ARTICLE{huangchongqun1,
  author = {Buhl, J. and Sumpter, D. and Couzin, I. and Hale, J. and Despland, E. and Miller E. and Simpson, S.},
  title = {From disorder to order in marching locusts},
  journal = {Science},
  year = {2006},
  volume = {312},
  pages = {1402},
  number = {5778},
}

@ARTICLE{yuqun1,
  author = {Couzin, I. and Krause, J. and Franks, N. and Levin, S.},
  title = {Effective leadership and decision-making in animal groups on the move},
  journal = {Nature},
  year = {2005},
  volume = {433},
  pages = {513-516},
  number = {7025},
}

@ARTICLE{mayiqun1,
  author = {Couzin, I. and Franks, N.},
  title = {Self-organized lane formation and optimized traffic flow in army ants},
  journal = {Proceedings of the Royal Society of London. Series B: Biological Sciences},
  year = {2003},
  volume = {270},
  pages = {139},
  number = {1511},
}

@ARTICLE{renqun1,
  author = {Farkas, I. and Hekbing, D. and Vicsek, T.},
  title = {Social behaviour: Mexican waves in an excitable medium},
  journal = {Nature},
  year = {2002},
  volume = {419},
  pages = {131-132},
  number = {6903},
}

@ARTICLE{dachangganjun1,
  author = {Zhang, H. and Be'er, A. and Florin, E. and Swinney, H.},
  title = {Collective motion and density fluctuations in bacterial colonies},
  journal = {Proceedings of the National Academy of Sciences},
  year = {2010},
  volume = {107},
  pages = {13626},
  number = {31},
}

@ARTICLE{kucaoganjun1,
  author = {Ben-Jacob, E. and Cohen, I. and Gutnick, D.},
  title = {Cooperative organization of bacterial colonies: from genotype to morphotype},
  journal = {Annual Reviews in Mi-crobiology},
  year = {1998},
  volume = {52},
  pages = {779-806},
  number = {1},
}

@ARTICLE{quntixingwei1,
  author = {Wang, C. and Wang, Z. and Xia, T. and Peng, Q.},
  title = {Real-time snowing simulation},
  journal = {The Visual Computer},
  year = {2006},
  volume = {22},
  pages = {315-323},
  number = {5},
}

@ARTICLE{quntixingwei2,
  author = {Reynolds, C.},
  title = {Flocks, herds, and schools: A distributed behavioral model},
  journal = {Computer Graphics},
  year = {1987},
  volume = {21},
  pages = {25-33},
  number = {4},
}

@ARTICLE{quntixingwei3,
  author = {Vicsek, T. and Czirok, A. and Ben-Jacob, E. and Cohen, I. and Shochet, O.},
  title = {Novel type of phase transition in a system of self-driven particles},
  journal = {Physical Review Letters},
  year = {1995},
  volume = {75},
  pages = {1226-1229},
  number = {6},
}

@BOOK{duoxiangji1,
  title = {Computer Vision: A Modern Approach},
  edition = {Second Edition},
  publisher = {London: Prentice},
  year = {2011},
  author = {Forsyth, D. and Ponce, J.},
}

@BOOK{duoxiangji2,
  title = {Multiple View Geometry in Computer Vision},
  edition = {Second Edition},
  publisher = { Cambridge: Cambridge University Press},
  year = {2003},
  author = {Hartley, R. and Zisserman, A.},
}

@ARTICLE{1965niujin,
  author = {Cullen, J. and Shaw, E. and Baldwin, H.},
  title = {Methods for measuring the three-dimensional structure of fish schools},
  journal = {Animal Behaviour},
  year = {1965},
  volume = {13},
  pages = {534-543},
  number = {4},
}

@ARTICLE{1978jianada,
  author = {Major, P. and Dill, L.},
  title = {The three-dimensional structure of airborne bird flocks},
  journal = {Behavioral Ecology and Sociobiology},
  year = {1978},
  volume = {4},
  pages = {111-122},
  number = {2},
}

@ARTICLE{1980niujin,
  author = {Partridge, B. and Pitcher, T. and Cullen, J. and Wilson, J.},
  title = {The Three-Dimensional Structure of Fish Schools},
  journal = {Behavioral Ecology and Sociobiology},
  year = {1980},
  volume = {6},
  pages = {277-288},
  number = {4},
}

@ARTICLE{2007fudan,
  author = {Du, H. and Zou, D. and Chen, Y.},
  title = {Relative Epipolar Motion of Tracked Features for Correspondence in Binocular Stereo},
  journal = {In IEEE 11th International Conference on Computer Vision},
  year = {2007},
  pages = {1-8},
}

@ARTICLE{2008jiazhouligong,
  author = {Partridge, B. and Pitcher, T. and Cullen, J. and Wilson, J.},
  title = {A simple vision-based algorithm for decision making in flying Drosophila},
  journal = {Current Biology},
  year = {2008},
  volume = {18},
  pages = {464-470},
  number = {6},
}

@ARTICLE{2008cavagna,
  author = {Ballerini, M. and Cabibbo, N. and Candelier, R. and Cavagna, A.},
  title = {Interaction ruling animal collective behavior depends on topological rather than metric distance: Evidence from a field study},
  journal = {Proceedings of the National Academy of Sciences},
  year = {2008},
  volume = {6},
  pages = {1232-1237},
  number = {4},
}

@ARTICLE{2009fudan1,
  author = {Zou, D. and Zhao, Q. and Wu, H. and Chen, Y.},
  title = {Reconstructing 3D Motion Trajectories for Particle Swarms by Global Correspondence Selection},
  journal = {In IEEE 12th International Conference on Computer Vision},
  year = {2009},
  pages = {1578-1585},
}

@ARTICLE{2009fudan2,
  author = {Wu, H. and Zhao, Q. and Zou, D. and Chen, Y.},
  title = {Acquiring 3D Motion Trajectories of Large Numbers of Swarming Animals},
  journal = {In IEEE 12th International Conference on Computer Vision},
  year = {2009},
  pages = {593-600},
}

@ARTICLE{2009fudan3,
  author = {Wu, H. and Zhao, Q. and Chen, Y.},
  title = {Automated 3D trajectory measuring of large numbers of moving particles},
  journal = {Optics Express},
  year = {2011},
  volume = {19},
  pages = {7646-7663},
  number = {8},
}

@ARTICLE{2009boston,
  author = {Wu, Z. and Hristov, N. and Hedrick, T. and Kunz, T. and Betke, M.},
  title = {Tracking a large number of objects from multiple views},
  journal = {In IEEE 12th International Conference on Computer Vision},
  year = {2009},
  pages = {1546-1553},
}

@ARTICLE{2009jiazhouligong,
  author = {Branson, K. and Robie, A. and Bender, J. and Perona, P. and Dickinson, M.},
  title = {High throughput ethomics in large groups of Drosophila},
  journal = {Nature Methods},
  year = {2009},
  volume = {6},
  pages = {451-457},
  number = {6},
}

@ARTICLE{2010jiazhouligong,
  author = {Straw, A. and Branson, K. and Neumann, T. and Dickinson, M.},
  title = {Multi-camera real-time three-dimensional tracking of multiple flying animals},
  journal = {Journal of Royal Society Interface},
  year = {2010},
  volume = {8},
  pages = {395-409},
  number = {56},
}

@PHDTHESIS{wuPhD,
  author = {Wu, H.},
  title = {Large Scale Moving Group Tracking and Three-dimensional Face Pose Correction},
  school = {Fudan University},
  year = {2011},
}


@ARTICLE{zhangzhengyou1,
  author = {Zhang, Z.},
  title = {Determining the Epipolar Geometry and its Uncertainty: A Review},
  journal = {International Journal of Computer Vision},
  year = {1998},
  volume = {27},
  pages = {161-198},
  number = {2},
}

@ARTICLE{Tsai1,
  author = {Tsai, R.},
  title = {A versatile camera calibration technique for high-accuracy 3D machine vision metrology using off-the-shelf TV cameras and lenses},
  journal = {IEEE Journal of Robotics and Automation},
  year = {1987},
  volume = {3},
  pages = {323-344},
  number = {4},
}

@MISC{matlabcalib,
  author = {Bouguet, J.},
  title = {Camera Calibration Toolbox for Matlab},
  year = {2008},
  note = {\\URL:http://www.vision.caltech.edu/bouguetj/calib\_doc/},
}

@ARTICLE{zhongzhilvbo1,
  author = {Cucchiara, R. and Grana, C. and Piccardi, M. and Prati, A.},
  title = {Detecting moving objects, ghosts, and shadows in video streams},
  journal = {IEEE Transactions on Pattern Analysis and Machine Intelligence},
  year = {2003},
  volume = {25},
  pages = {1337-1342},
  number = {10},
}

@ARTICLE{seg-threshold,
  author = {Sezgin, M. and Sankur, B.},
  title = {Survey over image thresholding techniques and quantitative performance evaluation},
  journal = {In IEEE 12th International Conference on Computer Vision},
  year = {2004},
  volume = {13},
  pages = {146-165},
  number = {146},
}

@ARTICLE{seg-mean,
  author = {Comaniciu, D. and Meer, P.},
  title = {Mean Shift: A Robust Approach Toward Feature Space Analysis},
  journal = {IEEE Transactions on Pattern Analysis and Machine Intelligence},
  year = {2002},
  volume = {24},
  pages = {603-619},
  number = {5},
}

@ARTICLE{seg-graph,
  author = {Shi, J. and Malik, J.},
  title = {Normalized cuts and image segmentation},
  journal = {IEEE Transactions on Pattern Analysis and Machine Intelligence},
  year = {2000},
  volume = {22},
  pages = {888-905},
  number = {8},
}

@ARTICLE{seg-lev,
  author = {Vese, L. and Chan, T.},
  title = {A multiphase level set framework for image segmentation using the Mumford and Shah model},
  journal = {International Journal of Computer Vision},
  year = {2002},
  volume = {50},
  pages = {271-293},
  number = {3},
}

@ARTICLE{zhangzhengyou2,
  author = {Loop, C. and Zhang, Z.},
  title = {Computing rectifying homographies for stereo vision},
  journal = {IEEE Conference on Computer Vision and Pattern Recognition},
  year = {1999},
  pages = {1125},
}

@ARTICLE{stereomatch1,
  author = {Hirschmuller, H. and Scharstein, D.},
  title = {Evaluation of cost functions for stereo matching},
  journal = {IEEE Conference on Computer Vision and Pattern Recognition},
  year = {2007},
  pages = {1-8},
}

@ARTICLE{stereomatch2,
  author = {Rusinkiewicz, S. and Levoy, M.},
  title = {Effcient variants of the ICP algorithm},
  journal = {International Conference on Digital Imaging and Modeling},
  year = {2001},
  pages = {145-152},
}

@ARTICLE{stereomatch-dp,
  author = {Cox, I. and Hingorani, S. and Rao, S.},
  title = {A Maximum Likelihood Stereo Algorithm},
  journal = {Computer Vision and Image Understanding},
  year = {1996},
  volume = {63},
  pages = {542-567},
  number = {3},
}

@ARTICLE{stereomatch-mf,
  author = {Roy, S. and Cox, I.},
  title = {A maximum-flow formulation of the n-camera stereo correspondence problem},
  journal = {International Conference on Computer Vision},
  year = {1998},
  pages = {492-499},
}

@MISC{image_rec,
  author = {Wikipedia},
  title = {Image rectification},
  year = {2012},
  note = {URL:http://en.wikipedia.org/wiki/Image\_rectification.},
}

@ARTICLE{re-bayes_filter,
  author = {Arulampalam, M. and Maskell, S. and Gordon, N. and Clappm, T.},
  title = {A tutorial on particle ¯lters for online nonlinear/non-Gaussian Bayesian tracking},
  journal = {IEEE Transactions on Signal Processing},
  year = {2002},
  volume = {50},
  pages = {174-188},
  number = {2},
}

@BOOK{kalman1,
  title = {Design and analysis of modern tracking systems},
  edition = {First Edition},
  publisher = {London: Artech House},
  year = {1999},
  author = {Blackman, S. and Popoli, R.},
}

@ARTICLE{kalman2,
  author = {Arulampalam, M. and Maskell, S. and Gordon, N. and Clappm, T.},
  title = {The extended Kalman filter as an exponential observer for nonlinear systems},
  journal = {IEEE Transactions on Signal Processing},
  year = {1999},
  volume = {47},
  pages = {2324-2328},
  number = {8},
}

@ARTICLE{Hungarian,
  author = {Edmonds, J.},
  title = {Maximum Matching and a Polyhedron with $0,1$ Vertices},
  journal = {Journal of research of the National Bureau of Standards},
  year = {1965},
  volume = {69~B},
  pages = {125-130},
}

@ARTICLE{KM_algorithm,
  author = {Kuhn, H.},
  title = {The Hungarian method for the assignment problem},
  journal = {Naval Research Logistics Quarterly},
  year = {1955},
  volume = {2},
  pages = {83-97},
  number = {1-2},
}

@MISC{bi_graph,
  author = {Wikipedia},
  title = {Bipartite graph},
  year = {2012},
  note = {URL:http://en.wikipedia.org/wiki/Bipartite\_graph.},
}

@BOOK{graph,
  title = {Introductory Graph Theory},
  edition = {First Edition},
  publisher = {N.Y.: Dover Publications},
  year = {2004},
  author = {Chartrand, G. and Zhang, P.},
}

@ARTICLE{drosophila1,
  author = {Rubin, G. and Lewis, E.},
  title = {A Brief History of Drosophila\'s Contributions to Genome Research},
  journal = {Science},
  year = {2000},
  volume = {287},
  pages = {2216-2218},
  number = {24},
}

@ARTICLE{drosophila2,
  author = {Anonymous},
  title = {No fruit fly an island?},
  journal = {Nature Methods},
  year = {2009},
  volume = {6},
  pages = {395},
  number = {6},
}

@PHDTHESIS{ACO,
  author = {Dorigo, M.},
  title = {Optimization, Learning and Natural Algorithms},
  school = {Politecnico di Milano},
  year = {1992},
}

@ARTICLE{traffic,
  author = {Helbing, D.},
  title = {Traffic and related self-driven many-particle systems},
  journal = {Reviews of Modern Physics},
  year = {2001},
  volume = {73},
  pages = {1067-1141},
  number = {4},
}

@MISC{nature,
  author = {Nature},
  title = {Archive},
  year = {2012},
  note = {URL:http://www.nature.com/nature/index.html.},
}

@MISC{wiki_drosophila,
  author = {Wikipedia},
  title = {Drosophila},
  year = {2012},
  note = {URL:http://en.wikipedia.org/wiki/Drosophila.},
}

@MISC{nature_pigeon,
  author = {Ehrenberg, R.},
  title = {Pigeon Flocks Let the Best Bird Lead},
  year = {2010},
  note = {\\URL:http://www.wired.com/wiredscience/tag/tamas-vicsek/.},
}

@ARTICLE{MCMC_ant,
  author = {Khan, Z. and Balch, T. and Dellaert, F.},
  title = {MCMC-Based Particle Filtering for Tracking a Variable Number of Interacting Targets},
  journal = {IEEE Transactions on Pattern Analysis and Machine Intelligence},
  year = {2005},
  volume = {27},
  pages = {1805-1819},
  number = {11},
}

@ARTICLE{Schaller,
  author = {Schaller, V. and Weber, C. and Semmrich, C. and Frey, E. and Bausch, A.},
  title = {Polar patterns of driven filaments},
  journal = {Nature},
  year = {2010},
  volume = {467},
  pages = {73-77},
  number = {7311},
}

@ARTICLE{JPDA,
  author = {Rasmussen, C. and Hager, G.},
  title = {Probabilistic Data Association Methods for Tracking Complex Visual Objects},
  journal = {IEEE Transactions on Pattern Analysis and Machine Intelligence},
  year = {2001},
  volume = {23},
  pages = {560-576},
  number = {6},
}